<record xmlns="http://www.loc.gov/MARC21/slim">
  <leader>01362nam a2200265 i 4500</leader>
  <controlfield tag="001">003501478</controlfield>
  <controlfield tag="005">20080627140404.0</controlfield>
  <controlfield tag="008">080522s1913 ru 000 | rus d</controlfield>
  <datafield tag="017" ind1=" " ind2=" ">
    <subfield code="a">XIII-28594</subfield>
  </datafield>
  <datafield tag="040" ind1=" " ind2=" ">
    <subfield code="a">RuMoRGB</subfield>
    <subfield code="b">rus</subfield>
    <subfield code="e">rcr</subfield>
  </datafield>
  <datafield tag="041" ind1="0" ind2=" ">
    <subfield code="a">rus</subfield>
  </datafield>
  <datafield tag="084" ind1=" " ind2=" ">
    <subfield code="a">Э372.24-647.2,0</subfield>
    <subfield code="2">rubbk</subfield>
  </datafield>
  <datafield tag="100" ind1="1" ind2=" ">
    <subfield code="a">Рункевич, Степан Григорьевич</subfield>
    <subfield code="d">1867-1924.</subfield>
  </datafield>
  <datafield tag="245" ind1="0" ind2="0">
    <subfield code="a">Александро-Невская лавра. 1713-1913 :</subfield>
    <subfield code="b">историческое исследование доктора церковной истории С. Г. Рункевича</subfield>
  </datafield>
  <datafield tag="260" ind1=" " ind2=" ">
    <subfield code="a">Санкт-Петербург</subfield>
    <subfield code="b">Синодальная тип.</subfield>
    <subfield code="c">1913</subfield>
  </datafield>
  <datafield tag="300" ind1=" " ind2=" ">
    <subfield code="a">1131 с. разд. паг.</subfield>
    <subfield code="b">ил., портр.</subfield>
    <subfield code="c">29 см</subfield>
  </datafield>
  <datafield tag="610" ind1="2" ind2="4">
    <subfield code="a">Александро-Невская лавра (Петербург)</subfield>
  </datafield>
  <datafield tag="650" ind1=" " ind2="7">
    <subfield code="a">Религия -- Христианство -- Православие -- Русская православная церковь -- Организация церкви --
      Монашество. Монашеские объединения -- Монастыри
    </subfield>
    <subfield code="2">rubbk</subfield>
  </datafield>
  <datafield tag="852" ind1="4" ind2=" ">
    <subfield code="a">РГБ</subfield>
    <subfield code="b">FB</subfield>
    <subfield code="j">U 220/4</subfield>
    <subfield code="x">80</subfield>
  </datafield>
  <datafield tag="852" ind1="4" ind2=" ">
    <subfield code="a">РГБ</subfield>
    <subfield code="b">FB</subfield>
    <subfield code="j">U 221/1044</subfield>
    <subfield code="x">80</subfield>
  </datafield>
  <datafield tag="852" ind1="4" ind2=" ">
    <subfield code="a">РГБ</subfield>
    <subfield code="b">FB</subfield>
    <subfield code="j">C 53/82</subfield>
    <subfield code="x">80</subfield>
  </datafield>
  <datafield tag="856" ind1="4" ind2="1">
    <subfield code="q">application/pdf</subfield>
    <subfield code="u">http://dlib.rsl.ru/rsl01003000000/rsl01003501000/rsl01003501478/rsl01003501478.pdf</subfield>
  </datafield>
  <datafield tag="979" ind1=" " ind2=" ">
    <subfield code="a">plib</subfield>
  </datafield>
  <datafield tag="979" ind1=" " ind2=" ">
    <subfield code="a">dluniv</subfield>
  </datafield>
  <datafield tag="979" ind1=" " ind2=" ">
    <subfield code="a">dlopen</subfield>
  </datafield>
</record>
